@article{TDIo,
    author    	= {Bertsekas, D. P. and Ioeffe S.},
    title     	= {Temporal Differences-Based Policy Iteration and Applications in Neuro-Dynamic Programming},
    journal 	= {Lab. for Info. and Decisions Systems report LIDS-P-2349, MIT},
    year      	= {1996},
}

@book{bert1,
    author    = {Bertsekas, D. P.},
    title     = {Dynamic Programming and Optimal Control, Vol.1, 3rd edition},
    year      = {2005},
    publisher = {Athena Scientific},
    address   = {Belmont,MA}
}

@book{bert2,
    author    = {Bertsekas, D. P.},
    title     = {Dynamic Programming and Optimal Control, Vol.2, 4th edition},
    year      = {2011},
    publisher = {Athena Scientific},
    address   = {Belmont,MA}
}

@article{bhatnagarfeature,
  title={Feature search in the Grassmannian in online reinforcement learning},
  author={Bhatnagar, S. and Borkar, V. S. and Prabuchandran, K. J.},
  journal={IEEE Journal of Selected Topics in Signal Processing},
  volume={7},
  number={5},
  pages={746--758},
  year={2013a},
  publisher={IEEE-INST ELECTRICAL ELECTRONICS ENGINEERS INC}
}

@article{boy,
  title={Technical update: Least-squares temporal difference learning},
  author={Boyan, J.A.},
  journal={Machine Learning},
  volume={49},
  number={2},
  pages={233--246},
  year={2002},
  publisher={Springer}
}

@article{bradlls,
  title={Linear least-squares algorithms for temporal difference learning},
  author={Bradtke, S.J. and Barto, A.G.},
  journal={Machine Learning},
  volume={22},
  number={1},
  pages={33--57},
  year={1996},
  publisher={Springer}
}

@article{nedls,
  title={Least squares policy evaluation algorithms with linear function approximation},
  author={Nedi{\'c}, A. and Bertsekas, D.P.},
  journal={Discrete Event Dynamic Systems},
  volume={13},
  number={1},
  pages={79--110},
  year={2003},
  publisher={Springer}
}

@article{baxterBar,
    author = {Baxter, J. and Bartlett, P.L.},
    title = {Infinte-horizon policy-gradient estimation},
    institution = {Journal of Arificial Intelligence Research},
    volume  = {15},
    number = {4},
    pages = {319--350},
    year = {2001}
}

@article{konTsit,
  title={Onactor-critic algorithms},
  author={Konda, V. R. and Tsitsiklis, J. N.},
  journal={SIAM journal on Control and Optimization},
  volume={42},
  number={4},
  pages={1143--1166},
  year={2003},
  publisher={SIAM}
}

@article{amari,
  author    = {Amari S.},
  title     = {Natural Gradient Works Efficiently in Learning},
  journal   = {Neural Computation},
  volume    = {10},
  number    = {2},
  year      = {1998},
  pages     = {251-276},
  publisher = {MIT Press},
  bibsource = {DBLP, http://dblp.uni-trier.de}
}

@article{sutton1999policy,
    author 	= {Sutton, R.S. and  McAll{e}ster, D. and Singh, S. and  Mansour Y.},
    title 	= {Policy gradient methods for reinforcement learning with function approximation},
    journal   	= {Advances in Neural Information Processing Systems},
    volume    	= {12},
    number	= {22},
    pages	= {1057-1063},
    year 	= {2000},
}

@article{kak,
    author    	= {Kakade, S.},
    title     	= {A Natural Policy Gradient},
    journal	= {Advances in Neural Information Processing Systems},
    volume 	= {14},
    year      	= {2002},
}

@article{bhatnagar2009natural,
  title={Natural actor--critic algorithms},
  author={Bhatnagar, S. and Sutton, R. S. and Ghavamzadeh, M. and Lee, M.},
  journal={Automatica},
  volume={45},
  number={11},
  pages={2471--2482},
  year={2009},
  publisher={Elsevier}
}

@article{marTsit,
author={Marbach, P. and Tsitsiklis, J.N.},
journal={Automatic Control, IEEE Transactions on},
title={Simulation-based optimization of Markov reward processes},
year={2001},
month={feb},
volume={46},
number={2},
pages={191 -209},
keywords={Markov decision processes;Markov reward processes;convergence;finite-state Markov processes;optimization;probability;regenerative structure;simulation;Markov processes;convergence of numerical methods;decision theory;optimisation;probability;},
doi={10.1109/9.905687},
ISSN={0018-9286},
}

@article{lagou,
 author = {Lagoudakis, M. G. and Parr, R.},
 title = {Least-squares policy iteration},
 journal = {J. Mach. Learn. Res.},
 volume = {4},
 month = {December},
 year = {2003},
 issn = {1532-4435},
 pages = {1107--1149},
 numpages = {43},
 url = {http://portal.acm.org/citation.cfm?id=945365.964290},
 acmid = {964290},
 publisher = {JMLR.org},
} 


@article{prabuchandran2014multi1,
  title={Multi-agent reinforcement learning for traffic signal control},
  author={Prabuchandran, K. J. and Hemanth Kumar, A.N. and Bhatnagar, S.},
  booktitle={Intelligent Transportation Systems (ITSC), 2014 IEEE 17th International Conference on},
  pages={2529--2534},
  year={2014},
  organization={IEEE}
}

@article{prabuchandran2014multi2,
  title={ Decentralized Learning for Traffic Signal Control},
  author={Prabuchandran, K. J. and Hemanth Kumar, A.N. and Bhatnagar, S.},
  booktitle={Workshop on Intelligent Transportation System (ITS), 2014 7th International Conference on COMmunication Systems and NETworks (COMSNETS)},
  year={2014},
  organization={IEEE}
}

@article{sindhu,
 author = {Sindhu, P. R. and Prabuchandran, K. J. and  Bhatnagar, S.},
 title = {Energy sharing for multiple sensor nodes with finite buffers},
 journal = {Transactions on Communications},
 volume = {4},
 month = {December},
 year = {2014},
 issn = {1532-4435},
 pages = {1107--1149},
 numpages = {43}, 
} 

@article{prabuAverage,
 author = {Prabuchandran, K. J. and Bhatnagar, S. and Borkar V. S.},
 title = {Actor Critic Algorithms with Online Feature Adaptation},
 journal = {ACM Transactions on Modeling and Computer Simulation},
 volume = {4},
 month = {December},
 year = {2003},
 issn = {1532-4435},
 pages = {1107--1149},
 numpages = {43},
 } 

 @article{mms,
  title={Basis function adaptation in temporal difference reinforcement learning},
  author={Menache, I. and Mannor, S. and Shimkin, N.},
  journal={Annals of Operations Research},
  volume={134},
  number={1},
  pages={215--238},
  year={2005},
  publisher={Springer}
}

@article{barto1983neuronlike,
  title={Neuronlike adaptive elements that can solve difficult learning control problems},
  author={Barto, A. G. and Sutton, R. S. and Anderson, C. W.},
  journal={Systems, Man and Cybernetics, IEEE Transactions on},
  volume={13},
  number={5},
  pages={834--846},
  year={1983},
  publisher={IEEE}
}

@article{baird,
  title={Residual algorithms: Reinforcement learning with function approximation},
  author={Baird, L. C. },
  journal={Proceedings of the 12th International Conference on Machine Learning},
  pages={30--37},
  year={1995}
}

@article{baras,
  title={A learning algorithm for Markov decision processes with adaptive state aggregation},
  author={Baras, J. S. and Borkar, V. S.},
  journal={Proceedings of the 39th IEEE Conference on Decision and Control},
  volume={4},
  pages={3351--3356},
  year={2000}  
}



@article{borkar2,
  title={Adaptive Feature Pursuit: Online Adaptation of Features in Reinforcement Learning},
  author={Bhatnagar, S. and Borkar, V. S. and Prashanth, L. A.},
  journal={Reinforcement Learning and Approximate Dynamic Programming for Feedback Control, IEEE press computational Intelligence Science, IEEE press and wiley},
  pages={517--534},
  year={2012}  
}

@article{borkar-ttsa,
  title={Stochastic approximation with two time scales},
  author={Borkar, V. S.},
  journal={Systems \& Control Letters},
  volume={29},
  number={5},
  pages={291--294},
  year={1997},
  publisher={Elsevier}
}

@article{borkar-asa,
  title={Asynchronous stochastic approximations},
  author={Borkar, V. S.},
  journal={SIAM Journal on Control and Optimization},
  volume={36},
  number={3},
  pages={840--851},
  year={1998},
  publisher={SIAM}
}

@article{borkar,
  title={Stochastic Approximation: A Dynamical Systems Viewpoint},
  author={Borkar, V. S.},
  year={2008},
  Journal={Cambridge University Press}
}

@article{cm,
  title={Adaptive bases for reinforcement learning},
  author={Di Castro, D. and Mannor, S.},
  journal={Machine Learning and Knowledge Discovery in Databases},
  pages={312--327},
  year={2010},
  publisher={Springer}
}

@article{edelman,
  title={The geometry of algorithms with orthogonality constraints},
  author={Edelman, A. and Arias, T. A. and Smith, S. T.},
  journal={SIAM journal on Matrix Analysis and Applications},
  volume={20},
  number={2},
  pages={303--353},
  year={1998},
  publisher={SIAM}
}

@article{kmp,
  title={Automatic basis function construction for approximate dynamic programming and reinforcement learning},
  author={Keller, P. W. and Mannor, S. and Precup, D.},
  journal={Proceedings of the 23rd international conference on Machine learning},
  pages={449--456},
  year={2006},
  organization={ACM}
}

@book{kushnerclark,
  title={Stochastic Approximation Methods for Constrained and Unconstrained Systems},
  author={Kushner, H. J. and Clark, D. S.},
  volume={6},
  year={1978},
  publisher={Springer-Verlag New York}
}

@article{mahadevan,
  title={Basis construction from power series expansions of value functions.},
  author={Mahadevan, S. and Liu, B.},
  journal={NIPS},
  pages={1540--1548},
  year={2010}
}

@article{Mar-Tsit,
  title={Simulation-based optimization of Markov reward processes},
  author={Marbach, P. and Tsitsiklis, J. N},
  journal={Automatic Control, IEEE Transactions on},
  volume={46},
  number={2},
  pages={191--209},
  year={2001},
  publisher={IEEE}
}

@article{ppll,
  title={Analyzing feature generation for value-function approximation},
  author={Parr, R. and Painter-Wakefield, C. and Li, L. and Littman, M.},
  journal={Proceedings of the 24th international conference on Machine learning},
  pages={737--744},
  year={2007},
}

@article{sun,
  title={Incremental basis construction from temporal difference error},
  author={Sun, Y. and Ring, M. and Schmidhuber, J. and Gomez, F. J.},
  journal={Proceedings of the 28th International Conference on Machine Learning},
  pages={481--488},
  year={2011}
}

@article{tsitRoy1,
  title={An analysis of temporal-difference learning with function approximation},
  author={Tsitsiklis, J. N and Van Roy, B.},
  journal={Automatic Control, IEEE Transactions on},
  volume={42},
  number={5},
  pages={674--690},
  year={1997},
  publisher={IEEE}
}

@article{tsitRoy2,
  title={Average cost temporal-difference learning},
  author={Tsitsiklis, J. N. and Van Roy, B.},
  journal={Automatica},
  volume={35},
  number={11},
  pages={1799--1808},
  year={1999},
  publisher={Elsevier}
}

@article{yb,
  title={Basis function adaptation methods for cost approximation in MDP},
  author={Yu, H. and Bertsekas, D. P.},
  journal={Adaptive Dynamic Programming and Reinforcement Learning},
  pages={74--81},
  year={2009},
  organization={IEEE}
}


@article{rohanimanesh2007towards,
  title={Towards feature selection in actor-critic algorithms},
  author={Rohanimanesh, K. and Roy, N. and Tedrake, R.},
  journal={Workshop on Abstraction in Reinforcement Learning},
  pages={42--48},
  year={2009}
}

@article{mahadevan2007proto,
  title={Proto-value functions: A Laplacian framework for learning representation and control in Markov decision processes.},
  author={Mahadevan, S. and Maggioni, M.},
  journal={Journal of Machine Learning Research},
  volume={8},
  number={16},
  pages={2169--2231},
  year={2007}
}

@article{thomas2013projected,
  title={Projected natural actor-critic},
  author={Thomas, P. S. and Dabney, W. C. and Giguere, S. and Mahadevan, S.},
  journal={Advances in Neural Information Processing Systems},
  pages={2337--2345},
  year={2013}
}



@InProceedings{lattimore2013sample,
  author =    {M. G. Azar and R. Munos and B. Kappen},
  title={The sample-complexity of general reinforcement learning},
  booktitle = {Proceedings of the 30th International Conference on Machine Learning (ICML-13)},
  series =    {ICML '13},
  year =      {2013},
  volume =   {28},
  number=    {3},
  pages=      {28--36},
}

@article{strehl2009reinforcement,
  title={Reinforcement learning in finite MDPs: PAC analysis},
  author={Strehl, A. L. and Li, L. and Littman, M. L.},
  journal={Journal of Machine Learning Research},
  volume={10},
  pages={2413--2444},
  year={2009},
  }

@InProceedings{ICML2012Gheshlaghi,
  author =    {M. G. Azar and R. Munos and B. Kappen},
  title =     {On the sample complexity of reinforcement Learning with a generative model },
  booktitle = {Proceedings of the 29th International Conference on Machine Learning (ICML-12)},
  series =    {ICML '12},
  year =      {2012},
  editor =    {John Langford and Joelle Pineau},
  location =  {Edinburgh, Scotland, GB},
  isbn =      {978-1-4503-1285-1},
  month =     {July},
  publisher = {Omnipress},
  address =   {New York, NY, USA},
  pages=      {1263--1270},
}

@article{liu2012regularized,
  title={Regularized off-policy TD-learning},
  author={Liu, B. and Mahadevan, S. and Liu, J.},
  booktitle={Advances in Neural Information Processing Systems},
  pages={836--844},
  year={2012}
}

@book{absil2009optimization,
  title={Optimization algorithms on matrix manifolds},
  author={Absil, P.A. and Mahony, R. and Sepulchre, R.},
  year={2009},
  publisher={Princeton University Press}
}

@article{tr1,
title={An actor critic algorithm based on Grassmanian search},
year={2014},
author={Prabuchandran, K. J. and Bhatnagar, S. and Borkar, V. S.},
journal= {Proceedings of the 53rd IEEE conference on Decision and Control, Los Angelles, USA (Also available as technical report, Department of Computer Science, Indian Institute of Science)},
url={http://stochastic.csa.iisc.ernet.in/www/research/files/IISc-CSA-SSL-TR-2014-2.pdf.}, 
}

@article{tr2,
title={Actor Critic Algorithms with Online Feature Adaptation},
author={Prabuchandran, K. J. and Bhatnagar, S. and Borkar, V. S.},
journal= {Department of Computer Science, Indian Institute of Science, IISc-CSA-SSL-TR-2015-2,March-2015},
year={2014},
url={http://stochastic.csa.iisc.ernet.in/www/research/files/IISc-CSA-SSL-TR-2015-2.pdf.}, 
}

@article{konda2004convergence,
  title={Convergence rate of linear two-time-scale stochastic approximation},
  author={Konda, V. R. and Tsitsiklis, J. N.},
  journal={Annals of applied probability},
  pages={796--819},
  year={2004},
  publisher={JSTOR}
}

@inproceedings{sharma2008efficient,
  title={Efficient energy management policies for networks with energy harvesting sensor nodes},
  author={Sharma, V. and Mukherji, U. and Joseph, V.},
  booktitle={Communication, Control, and Computing, 2008 46th Annual Allerton Conference on},
  pages={375--383},
  year={2008},
  organization={IEEE}
}

@inproceedings{azar2011speedy,
  author    = {M.G. Azar and
               R. Munos and
               M. Ghavamzadeh and
               H. J. Kappen},
  title     = {Speedy {Q}-Learning},
  booktitle = {NIPS},
  year      = {2011},
  pages     = {2411-2419},
  url        = {http://books.nips.cc/papers/files/nips24/NIPS2011_1278.pdf},  
}

@article{akyildiz2002wireless,
  title={Wireless sensor networks: a survey},
  author={Akyildiz, I.F. and Su, W. and Sankarasubramaniam, Y. and Cayirci, E.},
  journal={Computer networks},
  volume={38},
  number={4},
  pages={393--422},
  year={2002},
  publisher={Elsevier}
}

@article{seah2009wireless,
  title={Wireless sensor networks powered by ambient energy harvesting {WSN-HEAP} - Survey and challenges},
  author={Seah, W.K.G. and Eu, Z.A. and Tan, H.P.},
  journal={Wireless Communication, Vehicular Technology, Information Theory and Aerospace \& Electronic Systems Technology, 2009. Wireless VITAE 2009. 1st International Conference on},
  pages={1--5},
  year={2009},
  organization={IEEE}
}

@article{borkar2008stochastic,
  title={Stochastic Approximation: A {D}ynamical {S}ystems {V}iew {P}oint},
  author={Borkar, V.S.},
  journal={Cambridge University Press},
  year={2008},
  
}

@article{ozel2011transmission,
  title={Transmission with energy harvesting nodes in fading wireless channels: Optimal policies},
  author={Ozel, O. and Tutuncuoglu, K. and Yang, J. and Ulukus, S. and Yener, A.},
  journal={Selected Areas in Communications, IEEE Journal on},
  volume={29},
  number={8},
  pages={1732--1743},
  year={2011},
  publisher={IEEE}
}

@article{tutuncuoglu2010optimum,
  title={Optimum transmission policies for battery limited energy harvesting nodes},
  author={Tutuncuoglu, K. and Yener, A.},
  journal={Wireless Communications, IEEE Transactions on},
  volume={11},
  number={3},
  pages={1180--1189},
  year={2012},
  publisher={IEEE}
}


@article{yang2010optimal,
  title={Optimal packet scheduling in an energy harvesting communication system},
  author={Yang, J. and Ulukus, S.},
  journal={Communications, IEEE Transactions on},
  volume={60},
  number={1},
  pages={220--230},
  year={2012},
  publisher={IEEE}
}

@book{SutBas,
    author 	= {R.S. Sutton and A.G. Barto},
    title 	= {Reinforcement Learning: An Introduction},
    year 	= {1998},
    publisher 	= {Bradford Book, MIT Press},       
}

@article{tsitsiklis1994asynchronous,
  title={Asynchronous stochastic approximation and Q-learning},
  author={Tsitsiklis, J.N.},
  journal={Machine Learning},
  volume={16},
  number={3},
  pages={185--202},
  year={1994},
  publisher={Springer}
}

@article{borkar2000ode,
  title={The ODE method for convergence of stochastic approximation and reinforcement learning},
  author={Borkar, V.S. and Meyn, S.P.},
  journal={SIAM Journal on Control and Optimization},
  volume={38},
  number={2},
  pages={447--469},
  year={2000},
  publisher={Society for Industrial and Applied Mathematics}
}


@article{rlwithfa,
  title={Reinforcement Learning with Function Approximation for Traffic Signal Control},
  author={Prasanth L.A and S. Bhatnagar},
  journal={IEEE transactions on Intelligent Transporation Systems },
   year={2011},
   volume = 12,
   pages = {412-421},
  
}

@inproceedings{marlfortcl,
 author = {Wiering, Marco},
 title = {Multi-Agent Reinforcement Leraning for Traffic Light Control},
 booktitle = {Proceedings of the Seventeenth International Conference on Machine Learning},
 series = {ICML '00},
 year = {2000},
 isbn = {1-55860-707-2},
 pages = {1151-1158},
 numpages = {8},
 url = {http://dl.acm.org/citation.cfm?id=645529.658109},
 acmid = {658109},
 publisher = {Morgan Kaufmann Publishers Inc.},
 address = {San Francisco, CA, USA},
} 

@article{abdulahi2003rl,
  title={Reinforcement learning for true adaptive traffic signal control},
  author={B.Abdulhai, R.Pringle and G.Karakoulas},
  journal={Journal of Transportation Engineering},
  volume={129},
  pages={278},
  year={2003},
  publisher={ACSE},
}

@article{thorpe,
  title={Vehicle traffic light control using sarsa},
  author={T.Thorpe},
  journal={Masters Project Rep},
  year={1997},
  publisher={Computer Science Department, Colorado State University},
}


@article{adp,
  title={Adaptive dynamic programming for multi-intersections traffic signal intelligent control},
  author={T. Li, D. Zhao, and J. Yi},
  journal={in 11th International IEEE Conference on Intelligent Transportation Systems, 2008. ITSC 2008, 2008 },
  year={2008},
  volume=14,
  pages={286-291},
}


@techreport{sotl1,
      author       = {Cools, S B and Gershenson, C and D'Hooghe, B},
      title        = {Self-organizing traffic lights: A realistic simulation},
      journal      = {Advances in applied self-organizing systems},
      pages        = {41--50},
      year         = {2008},
      publisher    = {Springer}      
}


@article{arel2010reinforcement,
  title={Reinforcement learning-based multi-agent system for network traffic signal control},
  author={Arel, I. and Liu, C. and Urbanik, T. and Kohls, A.G.},
  journal={Intelligent Transport Systems, IET},
  volume={4},
  number={2},
  pages={128-135},
  year={2010},
  publisher={IET}
}

@article{kuyer2008multiagent,
  title={Multiagent reinforcement learning for urban traffic control using coordination graphs},
  author={Kuyer, L. and Whiteson, S. and Bakker, B. and Vlassis, N.},
  journal={Machine Learning and Knowledge Discovery in Databases},
  pages={656-671},
  year={2008},
  publisher={Springer}
}

@article{sotl,
  title={Self-organizing traffic lights: A realistic simulation},
  author={S. Cools, C. Gershenson, and B. DHooghe},
  journal={Advances in Applied Self-organizing Systems},
  pages={41-50},
  year={2008}
}

@article{nn1,
  title={Traffic-responsive signal timing for system-wide traffic control},
  author={J. Spall and D. Chin},
  journal={Transportation Research Part C},
  volume={5},
  pages={153-163},
  year={1997}
}

@article{nn2,
  title={Neural networks for real-time traffic signal control},
  author={D. Srinivasan, M. Choy, and R. Cheu},
  journal={IEEE Transactions on Intelligent Transportation Systems},
  volume={7},
  pages={261-272},
  year={2006}
}


@inproceedings{de2006reinforcement,
  title={Reinforcement learning based control of traffic lights in non-stationary environments: a case study in a microscopic simulator},
  author={de Oliveira, Denise and Bazzan, Ana LC and da Silva, Bruno C and Basso, Eduardo W and Nunes, Luis and Rossetti, Rosaldo and de Oliveira, Eug{\'e}nio and da Silva, Roberto and Lamb, Luis},
  booktitle={Proceedings of the 4th European Workshop on Multi-Agent Systems (EUMAS06)},
  pages={31-42},
  year={2006},
  organization={Citeseer}
}


@article{equatin,
  title={Dynamic modeling, assignment and route guidance in traffic networks.},
  author={M. Papageorgiou},
  journal={Transportation Research-B},
  pages={471-495},
  year={1990}
}


@article{fuzzy,
  title={A knowledge-based decision support architecture for advanced traffic management.},
  author={S. G. Ritchie },
  journal={Transportation Research-A},
  pages={27-37},
  year={1990}
}

@article{flow,
  title={Traffic Flow Theory: A State of the Art Report – Revised Monograph on Traffic Flow Theory.},
  author={Nathan H. Gartner, Carroll J. Messer and Ajay K. Rathi},
  journal={U.S. Department of Transportation, Transportation Research Board},
  chapter={9},
  year={1992}
}

@article{transyt,
  title={TRANSYT: a traffic network study tool.},
  author={D. Robertson},
  journal={Road Research Laboratory Crowthorne},
  year={1969}
}

@article{maxband,
  title={Review of road traffic control strategies.},
  author={Markos Papageorgiou},
  journal={Proceedings of the IEEE},
  pages={2043–2067},
  volume={91},
  year={2003}
}

@article{scoot,
  title={Optimizing networks of traffic signals in real time-the SCOOT method},
  author={D. Robertson and R. Bretherton},
  journal={IEEE Transactions on Vehicular Technology},
  volume={40},
  year={1991},
  pages={11-15}
}

@article{Bhatnagar2010760,
title = {An actor–critic algorithm with function approximation for discounted cost constrained Markov decision processes },
journal = {Systems and Control Letters },
volume = {59},
number = {12},
pages = {760 - 766},
year = {2010},
author = {Bhatnagar S.}
}


@book{Puterman,
    author    = {Puterman, M.},
    title     = {Markov decision processes: Discrete stochastic dynamic programming.},
    year      = {1994},
    publisher = {John Wiley and Sons, Inc},
    address   = {New York, NY, USA}
}


@article{scats,
  title={ SCAT-The Sydney Co-ordinated Adaptive Traffic System-Philosophy and Benefits},
  author={A. G. Sims and K. W. Dobinson},
  journal={International Symposium on Traffic Control Systems},
  year={1979},
}

@article{nac,
  title={Natural actor-critic for road traffic optimisation},
  author={Richter, S. and Aberdeen, D. and Yu, J. },
  journal={MIT Press, Cambridge: Advances in Neural Information Processing Systems},
  volume={19},
  year={2007},
  publisher={MIT Press}
}

@article{wang2011discrete,
  title={Discrete simultaneous perturbation stochastic approximation on loss function with noisy measurements},
  author={Wang, Q. and Spall, J. C.},
  journal={Proceedings of the American Control Conference, San Francisco},
  volume={29},
  pages={4520--4525},
  year={2011}
}

@article{prabuITSC,
  title={Multi-agent Reinforcement Learning for Traffic Signal Control},
  author={Prabuchandran, K.J. and Hemanth Kumar, A.N. and  Bhatnagar, S.},
  journal={Intelligent Transportation Systems (ITSC), 2014 17th International IEEE Conference on},  
  year={2014},
  organization={IEEE, accepted}
}

@article{bhatnagar2003two,
  title={Two-timescale simultaneous perturbation stochastic approximation using deterministic perturbation sequences},
  author={Bhatnagar, S. and Fu, M. C. and Marcus, S. I. and Wang, I},
  journal={ACM Transactions on Modeling and Computer Simulation (TOMACS)},
  volume={13},
  number={2},
  pages={180--209},
  year={2003},
  publisher={ACM}
}

@article{sutton1988learning,
  title={Learning to predict by the methods of temporal differences},
  author={Sutton, R. S.},
  journal={Machine learning},
  volume={3},
  number={1},
  pages={9--44},
  year={1988},
  publisher={Springer}
}

@inproceedings{bhatnagar2009convergent,
  title={Convergent temporal-difference learning with arbitrary smooth function approximation},
  author={Bhatnagar, S. and Precup, D. and Silver, D. and Sutton, R. S. and Maei, H. R. and Szepesv{\'a}ri, C.},
  booktitle={Advances in Neural Information Processing Systems},
  pages={1204--1212},
  year={2009}
}

@inproceedings{balzano,
  title={Online identification and tracking of subspaces from highly incomplete information},
  author={Balzano, L. and Nowak, R. and Recht, B.},
  booktitle={Communication, Control, and Computing (Allerton), 2010 48th Annual Allerton Conference on},
  pages={704--711},
  year={2010},
  organization={IEEE}
}

@inproceedings{sutton2009fast,
  title={Fast gradient-descent methods for temporal-difference learning with linear function approximation},
  author={Sutton, R. S. and Maei, H. R. and Precup, D. and Bhatnagar, S. and Silver, D. and Szepesv{\'a}ri, C. and Wiewiora, E.},
  booktitle={Proceedings of the 26th Annual International Conference on Machine Learning},
  pages={993--1000},
  year={2009},
  organization={ACM}
}

@article{barman2008note,
  title={A note on linear function approximation using random projections},
  author={Barman, K. and Borkar, V. S.},
  journal={Systems \& Control Letters},
  volume={57},
  number={9},
  pages={784--786},
  year={2008},
  publisher={Elsevier}
}

@article{smith2013geometric,
  title={Geometric optimization methods for adaptive filtering},
  author={Smith, S. T.},
  journal={arXiv preprint arXiv:1305.1886},
  year={2013}
}

@article{hamm2008grassmann,
  title={Grassmann discriminant analysis: a unifying view on subspace-based learning},
  author={Hamm, J. and Lee, D. D.},
  journal={Proceedings of the 25th international conference on Machine learning},
  pages={376--383},
  year={2008},
  organization={ACM}
}

@article{meyer2011regression,
  title={Regression on fixed-rank positive semidefinite matrices: a Riemannian approach},
  author={Meyer, G. and Bonnabel, S. and Sepulchre, R.},
  journal={Journal of Machine Learning Research},
  volume={12},
  pages={593--625},
  year={2011},
  publisher={JMLR. org}
}

@article{wolf2003learning,
  title={Learning over sets using kernel principal angles},
  author={Wolf, L. and Shashua, A.},
  journal={Journal of Machine Learning Research},
  volume={4},
  pages={913--931},
  year={2003},
  publisher={JMLR. org}
}

%----------------------------------------------------------------------------------------
% Articles and books referred to for basics
%----------------------------------------------------------------------------------------
@inproceedings{yang2010transmission,
  title={Transmission completion time minimization in an energy harvesting system},
  author={Yang, J. and Ulukus, S.},
  booktitle={Information Sciences and Systems (CISS), 2010 44th Annual Conference on},
  pages={1--6},
  year={2010},
  organization={IEEE}
}

@inproceedings{goyal2003power,
  title={Power constrained and delay optimal policies for scheduling transmission over a fading channel},
  author={Goyal, M. and Kumar, A. and Sharma, V.},
  booktitle={INFOCOM 2003. Twenty-Second Annual Joint Conference of the IEEE Computer and Communications. IEEE Societies},
  volume={1},
  pages={311--320},
  year={2003},
  organization={IEEE}
}

@inproceedings{ho2010optimal,
  title={Optimal energy allocation for wireless communications powered by energy harvesters},
  author={Ho, C. K. and Zhang, R.},
  booktitle={Information Theory Proceedings (ISIT), 2010 IEEE International Symposium on},
  pages={2368--2372},
  year={2010},
  organization={IEEE}
}

@inproceedings{ozel2011adaptive,
  title={Adaptive transmission policies for energy harvesting wireless nodes in fading channels},
  author={Ozel, O. and Tutuncuoglu, K. and Yang, J. and Ulukus, S. and Yener, A.},
  booktitle={Information Sciences and Systems (CISS), 2011 45th Annual Conference on},
  pages={1--6},
  year={2011},
  organization={IEEE}
}

@ARTICLE{6247516,
author={Prashanth, L.A. and Bhatnagar, S.},
journal={Vehicular Technology, IEEE Transactions on},
title={Threshold Tuning Using Stochastic Optimization for Graded Signal Control},
year={2012},
month={Nov},
volume={61},
number={9},
pages={3865-3880},
doi={10.1109/TVT.2012.2209904},
ISSN={0018-9545},}

@article{tsitsiklis1999average,
  title={Average cost temporal-difference learning},
  author={Tsitsiklis, J. N. and  Van Roy, B.},
  journal={Automatica},
  volume={35},
  number={11},
  pages={1799--1808},
  year={1999},
  publisher={Elsevier}
}

@article{abounadi2001learning,
  title={Learning algorithms for Markov decision processes with average cost},
  author={Abounadi, J. and Bertsekas, D. and Borkar, V. S.},
  journal={SIAM Journal on Control and Optimization},
  volume={40},
  number={3},
  pages={681--698},
  year={2001},
  publisher={Society for Industrial and Applied Mathematics}
}

@article{konda1999actor,
  title={OnActor-Critic Algorithms},
  author={Konda, V. R. and Tsitsiklis, J. N.},
  journal={SIAM journal on Control and Optimization},
  volume={42},
  number={4},
  pages={1143--1166},
  year={2003},
  publisher={SIAM}
}
%--------------------------------------------------------------------------------------------
% Articles used in introduction
%---------------------------------------------------------------------------------------------
@article{tsitsiklis1994asynchronous,
  title={Asynchronous stochastic approximation and Q-learning},
  author={Tsitsiklis, J. N.},
  journal={Machine Learning},
  volume={16},
  number={3},
  pages={185--202},
  year={1994},
  publisher={Springer}
}

@inproceedings{lalitha2013power,
  title={Power-optimal scheduling for a Green Base station with delay constraints},
  author={Lalitha, A. and Mondal, S. and Sharma, V.},
  booktitle={Communications (NCC), 2013 National Conference on},
  pages={1--5},
  year={2013},
  organization={IEEE}
}

@article{fu2003optimal,
  title={Optimal energy allocation and admission control for communications satellites},
  author={Fu, A. C. and Modiano, E. and Tsitsiklis, J. N.},
  journal={Networking, IEEE/ACM Transactions on},
  volume={11},
  number={3},
  pages={488--500},
  year={2003},
  publisher={IEEE}
}

@inproceedings{gay2010ultra,
  title={Ultra-low-power RFID-based sensor mote},
  author={Gay, N. and Fischer, W.},
  booktitle={Sensors, 2010 IEEE},
  pages={1293--1298},
  year={2010},
  organization={IEEE}
}
%-------------------------------------------------------------------------------------
% Articles for literature survey
% ------------------------------------------------------------------------------------
@article{ozel2012optimal,
  title={Optimal broadcast scheduling for an energy harvesting rechargeable transmitter with a finite capacity battery},
  author={Ozel, O. and Yang, J. and Ulukus, S.},
  journal={Wireless Communications, IEEE Transactions on},
  volume={11},
  number={6},
  pages={2193--2203},
  year={2012},
  publisher={IEEE}
}


@article{sharma2010optimal,
  title={Optimal energy management policies for energy harvesting sensor nodes},
  author={Sharma, V. and Mukherji, U. and Joseph, V. and Gupta, S.},
  journal={IEEE Transactions on Wireless Communications},
  volume={9},
  number={4},
  pages={1326--1336},
  year={2010},
  publisher={IEEE}
}

@article{niyato2007wireless,
  title={Wireless sensor networks with energy harvesting technologies: a game-theoretic approach to optimal energy management},
  author={Niyato, D. and Hossain, E. and Rashid, M. M. and Bhargava, V. K.},
  journal={Wireless Communications, IEEE},
  volume={14},
  number={4},
  pages={90--96},
  year={2007},
  publisher={IEEE}
}

@article{prabuchandran2013q,
  title={Q-learning based energy management policies for a single sensor node with finite buffer},
  author={Prabuchandran, K. J. and Meena, S. K. and Bhatnagar, S.},
  journal={Wireless Communications Letters, IEEE},
  volume={2},
  number={1},
  pages={82--85},
  year={2013},
  publisher={IEEE}
}

@inproceedings{jiang2005perpetual,
  title={Perpetual environmentally powered sensor networks},
  author={Jiang, X. and Polastre, J. and Culler, D.},
  booktitle={Information Processing in Sensor Networks, 2005. IPSN 2005. Fourth International Symposium on},
  pages={463--468},
  year={2005},
  organization={IEEE}
}

@article{jaggi2009rechargeable,
  title={Rechargeable sensor activation under temporally correlated events},
  author={Jaggi, N. and Kar, K. and Krishnamurthy, A.},
  journal={Wireless Networks},
  volume={15},
  number={5},
  pages={619--635},
  year={2009},
  publisher={Springer}
}

@article{kansal2007power,
  title={Power management in energy harvesting sensor networks},
  author={Kansal, A. and Hsu, J. and Zahedi, S. and Srivastava, M. B.},
  journal={ACM Transactions on Embedded Computing Systems (TECS)},
  volume={6},
  number={4},
  pages={32},
  year={2007},
  publisher={ACM}
}

@inproceedings{kansal2003environmental,
  title={An environmental energy harvesting framework for sensor networks},
  author={Kansal, A. and Srivastava, M. B.},
  booktitle={Low Power Electronics and Design, 2003. ISLPED'03. Proceedings of the 2003 International Symposium on},
  pages={481--486},
  year={2003},
  organization={IEEE}
}

@inproceedings{tutuncuoglu2011short,
  title={Short-term throughput maximization for battery limited energy harvesting nodes},
  author={Tutuncuoglu, K. and Yener, A.},
  booktitle={Communications (ICC), 2011 IEEE International Conference on},
  pages={1--5},
  year={2011},
  organization={IEEE}
}

% may not be required
@article{gatzianas2010control,
  title={Control of wireless networks with rechargeable batteries},
  author={Gatzianas, M. and Georgiadis, L. and Tassiulas, L.},
  journal={Wireless Communications, IEEE Transactions on},
  volume={9},
  number={2},
  pages={581--593},
  year={2010},
  publisher={IEEE}
}
%--------------------------------------------------------------------------------
% articles for future work
%--------------------------------------------------------------------------------
@article{rubinstein1999cross,
  title={The cross-entropy method for combinatorial and continuous optimization},
  author={Rubinstein, R.},
  journal={Methodology and computing in applied probability},
  volume={1},
  number={2},
  pages={127--190},
  year={1999},
  publisher={Springer}
}


@article{spall1992multivariate,
  title={Multivariate stochastic approximation using a simultaneous perturbation gradient approximation},
  author={Spall, J. C.},
  journal={Automatic Control, IEEE Transactions on},
  volume={37},
  number={3},
  pages={332--341},
  year={1992},
  publisher={IEEE}
}

% ----------------------------------------------------------------------------------------------------------
%        Citations added after major-revision
% -------------------------------------------------------------------------
@ARTICLE{6702854,
author={Zhiguo, D. and Perlaza, S.M. and Esnaola, I and Poor, H.V.},
journal={Wireless Communications, IEEE Transactions on},
title={Power Allocation Strategies in Energy Harvesting Wireless Cooperative Networks},
year={2014},
month={February},
volume={13},
number={2},
pages={846-860},
doi={10.1109/TWC.2013.010213.130484},
ISSN={1536-1276},}


@article{6657835,
author={Gurakan, B. and Ozel, O. and Yang, J. and Ulukus, S.},
journal={Communications, IEEE Transactions on},
title={Energy Cooperation in Energy Harvesting Communications},
year={2013},
month={December},
volume={61},
number={12},
pages={4884-4898},
doi={10.1109/TCOMM.2013.110113.130184},
ISSN={0090-6778},}


@inproceedings{tutuncuoglu2013cooperative,
  title={Cooperative energy harvesting communications with relaying and energy sharing},
  author={Tutuncuoglu, K. and Yener, A.},
  booktitle={Information Theory Workshop (ITW), 2013 IEEE},
  pages={1--5},
  year={2013},
  organization={IEEE}
}


@article{6094139,
author={Yang, J. and Ulukus, S.},
journal={Communications, IEEE Transactions on},
title={Optimal Packet Scheduling in an Energy Harvesting Communication System},
year={2012},
month={January},
volume={60},
number={1},
pages={220-230},
doi={10.1109/TCOMM.2011.112811.100349},
ISSN={0090-6778},}

@article{kearns1999finite,
  title={Finite-sample convergence rates for {Q}-learning and indirect algorithms},
  author={Kearns, M. and Singh, S.},
  journal={Advances in neural information processing systems},
  pages={996--1002},
  year={1999},
  publisher={MIT; 1998}
}

@article{even2004learning,
 author = {Even-Dar, E. and Mansour, Y.},
 title = {Learning Rates for {Q}-learning},
 journal = {J. Mach. Learn. Res.},
 issue_date = {12/1/2004},
 volume = {5},
 month = {dec},
 year = {2004},
 issn = {1532-4435},
 pages = {1--25},
 numpages = {25},
 url = {http://dl.acm.org/citation.cfm?id=1005332.1005333},
 acmid = {1005333},
 publisher = {JMLR.org},
} 


@article{6253062,
author={Yang, J.and Ulukus, S.},
journal={Communications and Networks, Journal of},
title={Optimal packet scheduling in a multiple access channel with energy harvesting transmitters},
year={2012},
month={April},
volume={14},
number={2},
pages={140-150},
doi={10.1109/JCN.2012.6253062},
ISSN={1229-2370},}


@article{tutuncuoglu2012sum,
  title={Sum-rate optimal power policies for energy harvesting transmitters in an interference channel},
  author={Tutuncuoglu, K. and Yener, A.},
  journal={Communications and Networks, Journal of},
  volume={14},
  number={2},
  pages={151--161},
  year={2012},
  publisher={IEEE}
}

@article{gregori2013energy,
  title={Energy-Efficient Transmission for Wireless Energy Harvesting Nodes},
  author={Gregori, M. and Payaro, M.},
  journal={IEEE transactions on wireless communications},
  volume={12},
  number={3},
  pages={1244--1254},
  year={2013},
  publisher={Institute of Electrical and Electronics Engineers}
}

@inproceedings{varan2013multi,
  title={Multi-pair and multi-way communications using energy harvesting nodes},
  author={Varan, B. and Yener, A.},
  booktitle={Signals, Systems and Computers, 2013 Asilomar Conference on},
  pages={614--618},
  year={2013},
  organization={IEEE}
}

@article{6517237,
author={Ren, Z. and Cheng, P. and Chen, J. and Shi, L.and Sun, Y.},
journal={Automatic Control, IEEE Transactions on},
title={Optimal Periodic Sensor Schedule for Steady-State Estimation Under Average Transmission Energy Constraint},
year={2013},
month={Dec},
volume={58},
number={12},
pages={3265-3271},
keywords={Markov processes;scheduling;state estimation;wireless sensor networks;Markov chain;average transmission energy constraint;energy budget;optimal periodic sensor schedule;packet drop rate;periodic sensor scheduling;remote estimator;remote state estimation;steady-state estimation;system dynamics;Energy constraint;Markov chain;sensor scheduling;stability},
doi={10.1109/TAC.2013.2263651},
ISSN={0018-9286},}

@article{ren2014dynamic,
  title={Dynamic sensor transmission power scheduling for remote state estimation},
  author={Ren, Z. and Cheng, P. and Chen, J. and Shi, L. and Zhang, H.},
  journal={Automatica},
  volume={50},
  number={4},
  pages={1235--1242},
  year={2014},
  publisher={Elsevier}
}

@article{5992841,
author={Ozel, O. and Tutuncuoglu, K. and Yang, J. and Ulukus, S. and Yener, A.},
journal={Selected Areas in Communications, IEEE Journal on},
title={Transmission with Energy Harvesting Nodes in Fading Wireless Channels: Optimal Policies},
year={2011},
month={September},
volume={29},
number={8},
pages={1732-1743},
doi={10.1109/JSAC.2011.110921},
ISSN={0733-8716},}

%-------------------------------------------------------------------------------
%     Add more bib items for cross entropy here 
%-------------------------------------------------------------------------------
@article{kroese2006cross,
  title={The cross-entropy method for continuous multi-extremal optimization},
  author={Kroese, D. P. and Porotsky, S. and Rubinstein, R. Y.},
  journal={Methodology and Computing in Applied Probability},
  volume={8},
  number={3},
  pages={383--407},
  year={2006},
  publisher={Springer}
}

@incollection{NIPS1999_1713,
title = {Policy Gradient Methods for Reinforcement Learning with Function Approximation},
author = {Sutton, R. S. and David A. M., and Singh, S. P. and Mansour, Y.},
journal = {Advances in Neural Information Processing Systems 12},
pages = {1057--1063},
year = {2000},
publisher = {MIT Press},
}

@book{bucklew2004introduction,
  title={Introduction to rare event simulation},
  author={Bucklew, James},
  year={2004},
  publisher={Springer}
}

@inproceedings{medina2012traffic,
  title={Traffic signal control using reinforcement learning and the max-plus algorithm as a coordinating strategy},
  author={Medina, J. C. and Benekohal, R. F.},
  booktitle={Intelligent Transportation Systems (ITSC), 2012 15th International IEEE Conference on},
  pages={596--601},
  year={2012},
  organization={IEEE}
}

i@nproceedings{khamis2012multi,
  title={Multi-objective traffic light control system based on Bayesian probability interpretation},
  author={Khamis, Mohamed A and Gomaa, Walid and El-Shishiny, Hisham},
  booktitle={Intelligent Transportation Systems (ITSC), 2012 15th International IEEE Conference on},
  pages={995--1000},
  year={2012},
  organization={IEEE}
}


@inproceedings{abdoos2011traffic,
  title={Traffic light control in non-stationary environments based on multi agent Q-learning},
  author={Abdoos, M. and Mozayani, N. and Bazzan, A.L.C.},
  booktitle={Intelligent Transportation Systems (ITSC), 2011 14th International IEEE Conference on},
  pages={1580--1585},
  year={2011},
  organization={IEEE}
}


@article{prashanth2011reinforcement,
  title={Reinforcement Learning With Function Approximation for Traffic Signal Control},
  author={Prashanth, L.A. and Bhatnagar, S.},
  journal={IEEE Transactions on Intelligent Transportation Systems},
  volume={12},
  number={2},
  pages={412--421},
  year={2011},
  publisher={IEEE Press}
}

@article{genetic,
  author = {Medina,J.J.S. and Moreno, M.J.G and Royo,E.R.},
  biburl = {http://www.bibsonomy.org/bibtex/2a834ee4316279740c22ccbdf376c0a68/dblp},
  ee = {http://dx.doi.org/10.1109/TITS.2009.2034383},
  journal = {IEEE Transactions on Intelligent Transportation Systems},
  number = {1},
  pages = {132-141},
  title = {Traffic Signal Optimization in "La Almozara" District in Saragossa Under Congestion Conditions, Using Genetic Algorithms, Traffic Microsimulation, and Cluster Computing.},
  url = {http://dblp.uni-trier.de/db/journals/tits/tits11.html#MedinaMR10},
  volume = {11},
  year = {2010}
}

@article{gokulan2010distributed,
  title={Distributed geometric fuzzy multiagent urban traffic signal control},
  author={Gokulan, B. P. and Srinivasan, D.},
  journal={Intelligent Transportation Systems, IEEE Transactions on},
  volume={11},
  number={3},
  pages={714--727},
  year={2010},
  publisher={IEEE}
}

@inproceedings{el2010agent,
  title={An agent-based learning towards decentralized and coordinated traffic signal control},
  author={El-Tantawy, S. and Abdulhai, B.},
  booktitle={Intelligent Transportation Systems (ITSC), 2010 13th International IEEE Conference on},
  pages={665--670},
  year={2010},
  organization={IEEE}
}

@article{bakker2010traffic,
  title={Traffic light control by multiagent reinforcement learning systems},
  author={Bakker, B. and Whiteson, S. and Kester, L. and Groen, F.},
  journal={Interactive Collaborative Information Systems},
  pages={475--510},
  year={2010},
  publisher={Springer}
}

@inproceedings{dai2010comparative,
  title={A comparative study of urban traffic signal control with reinforcement learning and Adaptive Dynamic Programming},
  author={Dai, Y. and Zhao, D. and Yi, J.},
  booktitle={Neural Networks (IJCNN), The 2010 International Joint Conference on},
  pages={1--7},
  year={2010},
  organization={IEEE}
}

@article{cai2009adaptive,
  title={Adaptive traffic signal control using approximate dynamic programming},
  author={Cai, C. and Wong, C.K. and Heydecker, B.G.},
  journal={Transportation Research Part C: Emerging Technologies},
  volume={17},
  number={5},
  pages={456--474},
  year={2009},
  publisher={Elsevier}
}

@article{bazzan2009opportunities,
  title={Opportunities for multiagent systems and multiagent reinforcement learning in traffic control},
  author={Bazzan, A.L.C.},
  journal={Autonomous Agents and Multi-Agent Systems},
  volume={18},
  number={3},
  pages={342--375},
  year={2009},
  publisher={Springer}
}

@inproceedings{salkham2008collaborative,
  title={A collaborative reinforcement learning approach to urban traffic control optimization},
  author={Salkham, A. and Cunningham, R. and Garg, A. and Cahill, V.},
  booktitle={Web Intelligence and Intelligent Agent Technology, 2008. WI-IAT'08. IEEE/WIC/ACM International Conference on},
  volume={2},
  pages={560--566},
  year={2008},
  organization={IEEE}
}

@article{yin2008robust,
  title={Robust optimal traffic signal timing},
  author={Yin, Y.},
  journal={Transportation Research Part B: Methodological},
  volume={42},
  number={10},
  pages={911--924},
  year={2008},
  publisher={Elsevier}
}

@article{cools2008self,
  title={Self-organizing traffic lights: A realistic simulation},
  author={Cools, S.B. and Gershenson, C. and D' Hooghe, B.},
  journal={Advances in Applied Self-organizing Systems},
  pages={41--50},
  year={2008},
  publisher={Springer}
}


@article{wei2005study,
  title={Study of self-organizing control of traffic signals in an urban network based on cellular automata},
  author={Wei, J. and Wang, A. and Du, N.},
  journal={Vehicular Technology, IEEE Transactions on},
  volume={54},
  number={2},
  pages={744--748},
  year={2005},
  publisher={IEEE}
}

@article{de2004swarm,
  title={A swarm-based approach for selection of signal plans in urban scenarios},
  author={de Oliveira, D. and Ferreira, P. and Bazzan, A. and Kl{\"u}gl, F.},
  journal={Ant Colony Optimization and Swarm Intelligence},
  pages={143--156},
  year={2004},
  publisher={Springer}
}

@book{bertB,
    author    = {Bertsekas, D.P. and Tsitsiklis, J.N.},
    title     = {Neuro-Dynamic Programming},
    year      = {1996},
    publisher = {Athena Scientific},
    address   = {Belmont,MA}
}

@article{watkins1992q,
  title={Q-learning},
  author={Watkins, C.J.C.H. and Dayan, P.},
  journal={Machine learning},
  volume={8},
  number={3},
  pages={279--292},
  year={1992},
  publisher={Springer}
}

@article{borkar2008stochastic,
  title={Stochastic Approximation: A {D}ynamical {S}ystems {V}iew {P}oint},
  author={Borkar, V.S.},
  journal={Cambridge University Press},
  year={2008},  
}

@book{sutton1998reinforcement,
  title={Reinforcement learning: An introduction},
  author={Sutton, R.S. and Barto, A.G.},
  year={1998},
  publisher={Cambridge Univ Press}
}

@article{papageorgiou2003review,
author={Papageorgiou, M. and Diakaki, C. and Dinopoulou, V. and Kotsialos, A. and Yibing W.},
journal={Proceedings of the IEEE},
title={Review of road traffic control strategies},
year={2003},
volume={91},
number={12},
pages={2043-2067},
keywords={automated highways;reviews;road traffic;transportation;driver information;freeway network control;intelligent transportation systems;ramp metering;route guidance;traffic signal control;urban network control;Communication system traffic control;Control systems;Degradation;Delay;Economic forecasting;Intelligent transportation systems;Roads;Throughput;Traffic control;Vehicles},
doi={10.1109/JPROC.2003.819610},
ISSN={0018-9219},}

@article{prashanth2012threshold,
author={Prashanth, L.A. and Bhatnagar, S.},
journal={Vehicular Technology, IEEE Transactions on},
title={Threshold Tuning Using Stochastic Optimization for Graded Signal Control},
year={2012},
volume={61},
number={9},
pages={3865-3880},
doi={10.1109/TVT.2012.2209904},
ISSN={0018-9545},
}

@article{auer2002finite,
  title={Finite-time analysis of the multiarmed bandit problem},
  author={Auer, P. and Cesa-Bianchi, N. and Fischer, P.},
  journal={Machine learning},
  volume={47},
  number={2-3},
  pages={235--256},
  year={2002},
  publisher={Springer}
}

@article{richter2006learning,
  title={Learning traffic control-towards practical traffic control using policy gradients},
  author={Richter, S},
  journal={Albert-Ludwigs-Universitat Freiburg, Tech. Rep},
  year={2006}
}

@article{painter2012greedy,
  title={Greedy algorithms for sparse reinforcement learning},
  author={Painter-Wakefield, C. and Parr, R.},
  journal={arXiv preprint arXiv:1206.6485},
  year={2012}
}

@inproceedings{qin2014sparse,
  title={Sparse reinforcement learning via convex optimization},
  author={Qin, Z. and Li, W. and Janoos, F.},
  booktitle={Proceedings of the 31st International Conference on Machine Learning (ICML-14)},
  pages={424--432},
  year={2014}
}

@article{benaim2005stochastic,
  title={Stochastic approximations and differential inclusions},
  author={Bena{\"\i}m, M. and Hofbauer, J. and Sorin, S.},
  journal={SIAM Journal on Control and Optimization},
  volume={44},
  number={1},
  pages={328--348},
  year={2005},
  publisher={SIAM}
}























@article{prashanth2015rdsa,
  title={{Adaptive system optimization using random directions stochastic approximation}},
  author={Prashanth, L. A. and S. Bhatnagar and  M. C. Fu and S. Marcus},
  journal={IEEE Transactions on Automatic Control (To appear)},
  year={2017}
}

@inproceedings{la2015bgo,
  title={{(Bandit) Convex Optimization with Biased Noisy Gradient Oracles}},
  author={ Hu, Xiaowei and Prashanth, L. A. and Antos, Andr{\'a}s and Szepesv{\'a}ri, Csaba},
  booktitle={AISTATS},
  year={2016}
}

@article{polyak1992acceleration,
  title={Acceleration of stochastic approximation by averaging},
  author={Polyak, Boris T and Juditsky, Anatoli B},
  journal={SIAM Journal on Control and Optimization},
  volume={30},
  number={4},
  pages={838--855},
  year={1992},
  publisher={SIAM}
}

@article{ruppert1991stochastic,
  title={Stochastic approximation},
  author={Ruppert, David},
  journal={Handbook of Sequential Analysis},
  pages={503--529},
  year={1991},
}

@book{fu2015handbook,
  editor={Fu, M. C.},
  title={Handbook of Simulation Optimization},
  pages={387},
  year={2015},
  publisher={Springer}
}

@book{spall2005introduction,
  title={{Introduction to Stochastic Search and Optimization: Estimation, Simulation, and Control}},
  author={Spall, J. C.},
  volume={65},
  year={2005},
  publisher={John Wiley \& Sons}
}

@book{gill1981practical,
  title={{Practical Optimization}},
  author={Gill, P.E. and Murray, W. and Wright, M.H.},
  year={1981},
  publisher={Academic Press}
}

@article{fabian1967stochastic,
  title={Stochastic approximation of minima with improved asymptotic speed},
  author={Fabian, Vaclav},
  journal={The Annals of Mathematical Statistics},
  pages={191--200},
  year={1967},
  publisher={JSTOR}
}

@article{nesterov2011random,
  title={Random gradient-free minimization of convex functions},
  author={Nesterov, Yurii and Spokoiny, Vladimir},
  journal={Foundations of Computational Mathematics},
  year={2011},
  publisher={Springer}
}

@inproceedings{flaxman2005online,
  title={Online convex optimization in the bandit setting: gradient descent without a gradient},
  author={Flaxman, Abraham D and Kalai, Adam Tauman and McMahan, H Brendan},
  booktitle={ACM-SIAM Symposium on Discrete Algorithms},
  pages={385--394},
  year={2005},
}

@inproceedings{agarwal2010optimal,
  title={Optimal Algorithms for Online Convex Optimization with Multi-Point Bandit Feedback.},
  author={Agarwal, Alekh and Dekel, Ofer and Xiao, Lin},
  booktitle={COLT},
  pages={28--40},
  year={2010},
  organization={Citeseer}
}

@book{hazan2015online,
  title={Online Convex Optimization},
  author={Hazan, Elad},  
  year={2015}
}

@article{duchi2013optimal,
  title={Optimal rates for zero-order convex optimization: the power of two function evaluations},
  author={Duchi, John C and Jordan, Michael I and Wainwright, Martin J and Wibisono, Andre},
  journal={arXiv preprint arXiv:1312.2139},
  year={2013}
}

@article{fathi2013transport,
  title={Transport-entropy inequalities and deviation estimates for stochastic approximation schemes},
  author={Fathi, Max and Frikha, Noufel},
  journal={Electron. J. Probab},
  volume={18},
  number={67},
  pages={1--36},
  year={2013}
}

@article{marsaglia1972choosing,
  title={Choosing a point from the surface of a sphere},
  author={Marsaglia, George},
  journal={The Annals of Mathematical Statistics},
  volume={43},
  number={2},
  pages={645--646},
  year={1972},
  publisher={Institute of Mathematical Statistics}
}

@article{gerencser1999convergence,
  title={Convergence rate of moments in stochastic approximation with simultaneous perturbation gradient approximation and resetting},
  author={Gerencs{\'e}r, L.},
  journal={IEEE Trans. Autom. Contr.},
  volume={44},
  number={5},
  pages={894--905},
  year={1999},
  publisher={IEEE}
}

@article{dippon1997weighted,
  title={Weighted means in stochastic approximation of minima},
  author={Dippon, J. and Renz, J.},
  journal={SIAM Journal on Control and Optimization},
  volume={35},
  number={5},
  pages={1811--1827},
  year={1997},
  publisher={SIAM}
}

@article{rm,
author = "H. Robbins and S. Monro",
title = "A stochastic approximation method",
journal = "Ann. Math. Statist.",
volume =  "22",
year = 1951,
pages = "400--407"}


@article{katkul,
author = "V. Ya Katkovnik and Yu Kulchitsky",
title = "Convergence of a class
of random search algorithms",
journal = "Automation Remote Control",
volume = "8",
year = 1972,
pages = "1321--1326"}


@book{lahaprobability,
  title={Probability Theory},
  author={R. G. Laha and V. K. Rohatgi},
  year={1979},
  publisher={Wiley, New York}
}

@article{fabian1968asymptotic,
  title={On asymptotic normality in stochastic approximation},
  author={Fabian, V.},
  journal={The Annals of Mathematical Statistics},
  pages={1327--1332},
  year={1968},
  publisher={JSTOR}
}

@article{chin1997comparative,
  title={Comparative study of stochastic algorithms for system optimization based on gradient approximations},
  author={Chin, D. C.},
  journal={IEEE Transactions on Systems, Man, and Cybernetics, Part B: Cybernetics},
  volume={27},
  number={2},
  pages={244--249},
  year={1997},
  publisher={IEEE}
}

@article{andradottir,
  title={Optimization of the transient and steady-state behavior of discrete event systems},
  author={Andrad{\'o}ttir, Sigr{\'u}n},
  journal={Management Science},
  volume={42},
  number={5},
  pages={717--737},
  year={1996},
  publisher={INFORMS}
}

@book{bert22,
  title={Nonlinear programming},
  author={Bertsekas, D. P.},
  year={1999},
  publisher={Athena Scientific}
}

@article{bhatbor3,
  title={Multiscale chaotic SPSA and smoothed functional algorithms for simulation optimization},
  author={Bhatnagar, Shalabh and Borkar, Vivek S},
  journal={Simulation},
  volume={79},
  number={10},
  pages={568--580},
  year={2003},
  publisher={Sage Publications}
}

@article{bhatfumarcbhat,
  title={Two-timescale algorithms for simulation optimization of hidden Markov models},
  author={Bhatnagar, Shalabh and Fu, Michael C and Marcus, Steven I and Bhatnagar, Shashank},
  journal={IIE Transactions},
  volume={33},
  number={3},
  pages={245--258},
  year={2001},
  publisher={Springer}
}


@article{bhatfumarcwang,
  title={Two-timescale simultaneous perturbation stochastic approximation using deterministic perturbation sequences},
  author={Bhatnagar, Shalabh and Fu, Michael C and Marcus, Steven I and Wang, I and others},
  journal={ACM TOMACS},
  volume={13},
  number={2},
  pages={180--209},
  year={2003},
  publisher={ACM}
}

@book{bhatnagar-book,
  title={Stochastic Recursive Algorithms for Optimization: Simultaneous Perturbation Methods (Lecture Notes in Control and Information Sciences)},
  author={Bhatnagar, S. and Prasad, H. L.  and Prashanth, L. A. },
volume = {434},
year={2013},
  publisher={Springer}
}

@article{bhat1,
  title={Adaptive multivariate three-timescale stochastic approximation algorithms for simulation based optimization},
  author={Bhatnagar, S.},
  journal={ACM TOMACS},
  volume={15},
  number={1},
  pages={74--107},
  year={2005},
  publisher={ACM}
}

@article{sbpla,
  title={Simultaneous perturbation {Newton} algorithms for simulation optimization},
  author={S. Bhatnagar and Prashanth, L. A.},
  journal={Journal of Optimization Theory and Applications},
  volume={164},
  number={2},
  pages={621--643},
  year={2015},
  publisher={Springer}
}

@article{spall,
author = "J. C. Spall",
title = "Multivariate stochastic approximation 
using a simultaneous
perturbation gradient approximation",
journal = "IEEE Trans. Auto. Cont.",
volume =  "37",
number = "3",
year = 1992,
pages = "332-341"}

@article{spall2,
author = "J. C. Spall",
title = "A one-measurement form of simultaneous perturbation
stochastic approximation",
journal = "Automatica",
volume =  "33",
year = 1997,
pages = "109--112"}

@inproceedings{fabian,
author = "V. Fabian",
title = "Stochastic approximation",
booktitle = "Optimizing Methods in Statistics
(ed. J.J.Rustagi)",
publisher = "Academic Press",
address = "New York",
year = 1971,
pages = "439--470"}

@article{lecuyerglynn,
author = "P. L'Ecuyer and P. W. Glynn",
title = "Stochastic optimization by simulation: convergence proofs
for the {$GI/G/1$} queue in steady-state",
journal = "Management Science",
volume =  "40",
number = "11",
year = 1994,
pages = "1562--1578"}

@book{rubinstein,
author = "R. Y. Rubinstein",
title = "Simulation and the Monte Carlo Method",
publisher = "Wiley",
address = "New York",
year = 1981}

@article{ruppert,
author = "D. Ruppert",
title = "A {Newton-Raphson} version of the multivariate
{Robbins-Monro} procedure",
journal = "Annals of Statistics",
volume =  "13",
year = 1985,
pages = "236--245"}

@article{spall_adaptive,
author = "J. C. Spall",
title = "Adaptive stochastic approximation by the
simultaneous perturbation method",
journal = "IEEE Trans. Autom. Contr.",
volume =  "45",
year = 2000,
pages = "1839--1853"}

@article{stybtang,
author = "M. A. Styblinski and T.-S. Tang",
title = "Experiments in nonconvex optimization: stochastic approximation
with function smoothing and simulated annealing",
journal = "Neural Networks",
volume = "3",
year = 1990,
pages = "467--483"}

@article{spall-jacobian,
author = "J. C. Spall",
title = "Feedback and weighting mechanisms for improving {Jacobian} estimates
in the adaptive simultaneous perturbation algorithm",
journal = "IEEE Trans.  Autom. Contr.",
volume = "54",
number = "6",
year = 2009,
pages = "1216--1229"}


@article{hirsch,
author = "M. W. Hirsch",
title = "Convergent activation dynamics
in continuous time networks",
journal = "Neural Networks",
volume = "2",
year = 1989,
pages = "331--349"}

@book{borkar-prob,
author = "V. S. Borkar",
title = "Probability Theory: An Advanced Course",
publisher = "Springer",
address = "New York",
year = 1995}

@book{kushcla,
author = "H. J. Kushner and D. S. Clark",
title = "Stochastic Approximation Methods for
Constrained and Unconstrained Systems",
publisher = "Springer Verlag",
year = 1978}

@book{kushyin,
author = "H. J. Kushner and G. G. Yin",
title = "Stochastic Approximation Algorithms and Applications",
publisher = "Springer Verlag",
address = "New York",
year = 1997}

@book{borkar,
author = "V. S. Borkar",
title = "Stochastic Approximation: A Dynamical Systems Viewpoint",
publisher = "Cambridge University Press",
year = 2008}

@article{zhuspall,
author = "X. Zhu and J. C. Spall",
title = "A modified second-order {SPSA} optimization algorithm
for finite samples",
journal = "Int. J.~Adapt.~Control Signal Process.",
volume =  "16",
year = 2002,
pages = "397--409"}

@book{lasalle,
author = "J.~P.~Lasalle and S.~Lefschetz",
title = "Stability by Liapunov's Direct Method with
Applications",
publisher = "Academic Press",
address = "New York",
year = 1961}

@article{kw,
author = "J. Kiefer and J. Wolfowitz",
title = "Stochastic estimation of the
maximum of a regression function",
journal = "Ann. Math. Statist.",
volume = "23",
year = 1952,
pages = "462--466"}

@book{hocao,
author = "Y. -C. Ho and X. -R. Cao",
title = "Perturbation Analysis of Discrete Event
Dynamical Systems",
publisher = "Kluwer",
address = "Boston",
year = 1991}

@article{choram1,
author = "E. K. P. Chong and P. J. Ramadge",
title = "Optimization of queues using an infinitesimal perturbation analysis-based stochastic algorithm with general update times",
journal = "SIAM J. Cont. and Optim.",
volume = "31",
number = "3",
year = 1993,
pages = "698--732"}

@article{borkarmeyn,
author = "V. S. Borkar and S. P. Meyn",
title = "The {O.D.E.} method for convergence of stochastic
approximation and reinforcement learning",
journal = "SIAM Journal of Control and Optimization",
volume = "38",
number = "2",
year = 2000,
pages = "447-469"}

@article{prashanth2011reinforcement,
  title={{Reinforcement Learning With Function Approximation for Traffic Signal Control}},
  author={Prashanth, L. A. and Bhatnagar, S.},
  journal={IEEE Transactions on Intelligent Transportation Systems},
  volume={12},
  number={2},
  pages={412-421},
  year={2011},
  publisher={IEEE}
}

@techreport{newhessiantr,
  author    = {Bhatnagar, S. and Prashanth, L. A.},
  title     = {{Simultaneous Perturbation Newton Algorithms for 
% Simulation Optimization}},
  year      = {2013},
  institution = {Stochastic Systems Lab, IISc},
  url           = "http://stochastic.csa.iisc.ernet.in/www/research/files/IISc-CSA-SSL-TR-2013-4.pdf",
};

@ARTICLE{prashanth2012tvt,
author={Prashanth, L. A. and Bhatnagar, S.},
journal={IEEE Transactions on Vehicular Technology}, 
title={{Threshold Tuning Using Stochastic Optimization for Graded Signal Control}},
year={2012},
month={Nov.},
volume={61},
number={9},
pages={3865-3880},
}

@article{bhat2,
author = "S. Bhatnagar",
title = "Adaptive {Newton}-based smoothed functional
algorithms for simulation optimization",
journal = "ACM Transactions on Modeling and Computer Simulation",
volume = "18",
number = "1",
year = 2007,
pages = "2:1--2:35"}

@article{bech,
  title={A single-sample multiple decision procedure for ranking means of normal populations with known variances},
  author={Bechhofer, R. E.},
  journal={The Annals of Mathematical Statistics},
  pages={16--39},
  year={1954},
  publisher={JSTOR}
}
@article{mcp,
  title={A multiple comparison procedure for comparing several treatments with a control},
  author={Dunnett, C. W.},
  journal={Journal of the American Statistical Association},
  volume={50},
  number={272},
  pages={1096--1121},
  year={1955},
  publisher={Taylor \& Francis}
}
@article{izrs,
  title={A sequential procedure for selecting the population with the largest mean from k normal populations},
  author={Paulson, E.},
  journal={The Annals of Mathematical Statistics},
  pages={174--180},
  year={1964},
  publisher={JSTOR}
}
@article{ssrs,
  title={On some multiple decision (selection and ranking) rules},
  author={Gupta, S. S.},
  journal={Technometrics},
  volume={7},
  number={2},
  pages={225--245},
  year={1965},
  publisher={Taylor \& Francis}
}
@article{swish,
  title={Discrete-event simulation optimization using ranking, selection, and multiple comparison procedures: A survey},
  author={Swisher, J. R. and Jacobson, S. H. and Y{\"u}cesan, E.},
  journal={ACM Transactions on Modeling and Computer Simulation (TOMACS)},
  volume={13},
  number={2},
  pages={134--154},
  year={2003},
  publisher={ACM}
}
@article{swish2,
  title={A survey of recent advances in discrete input parameter discrete-event simulation optimization},
  author={Swisher, J. R. and Hyden, P. D. and Jacobson, S. H. and Schruben, L. W.},
  journal={IIE Transactions},
  volume={36},
  number={6},
  pages={591--600},
  year={2004},
  publisher={Taylor \& Francis}
}
@article{ordinal,
  title={Ordinal optimization of DEDS},
  author={Ho, Yu-Chi and Sreenivas, R\_S and Vakili, P},
  journal={Discrete event dynamic systems},
  volume={2},
  number={1},
  pages={61--88},
  year={1992},
  publisher={Springer}
}
@article{sfa,
  title={Convergence of one class of random search algorithms},
  author={Katkovnik, V Ya and Kul'chitskii, O Yu},
  journal={Avtomat. i Telemekh},
  number={8},
  pages={81--87},
  year={1972}
}
@book{ocbabook,
  title={Stochastic simulation optimization: an optimal computing budget allocation},
  author={Chen, C-H.},
  volume={1},
  year={2010},
  publisher={World scientific}
}
@article{chen2000,
  title={Simulation budget allocation for further enhancing the efficiency of ordinal optimization},
  author={Chen, C-H. and Lin, J. and Y{\"u}cesan, E. and Chick, S. E.},
  journal={Discrete Event Dynamic Systems},
  volume={10},
  number={3},
  pages={251--270},
  year={2000},
  publisher={Springer}
}
@book{crossent,
  title={The cross-entropy method: a unified approach to combinatorial optimization, Monte-Carlo simulation and machine learning},
  author={Rubinstein, R. Y. and Kroese, D. P.},
  year={2013},
  publisher={Springer Science \& Business Media}
}
@article{simann,
  title={Optimization by simulated annealing: Quantitative studies},
  author={Kirkpatrick, S.},
  journal={Journal of statistical physics},
  volume={34},
  number={5-6},
  pages={975--986},
  year={1984},
  publisher={Springer}
}
@incollection{tabu,
  title={Tabu search and adaptive memory programming?advances, applications and challenges},
  author={Glover, F.},
  booktitle={Interfaces in computer science and operations research},
  pages={1--75},
  year={1997},
  publisher={Springer}
}
@article{sbdisc,
  title={Stochastic algorithms for discrete parameter simulation optimization},
  author={Bhatnagar, Shalabh and Mishra, Vivek Kumar and Hemachandra, Nandyala},
  journal={Automation Science and Engineering, IEEE Transactions on},
  volume={8},
  number={4},
  pages={780--793},
  year={2011},
  publisher={IEEE}
}
@article{bhatnagar2015simultaneous,
  title={Simultaneous perturbation Newton algorithms for simulation optimization},
  author={Bhatnagar, S. and Prashanth, L. A.},
  journal={Journal of Optimization Theory and Applications},
  volume={164},
  number={2},
  pages={621--643},
  year={2015},
  publisher={Springer}
}


@article{spall1998implementation,
  title={Implementation of the simultaneous perturbation algorithm for stochastic optimization},
  author={Spall, J. C.},
  journal={IEEE Transactions on aerospace and electronic systems},
  volume={34},
  number={3},
  pages={817--823},
  year={1998},
  publisher={IEEE}
}

@book{nevel1973stochastic,
  title={Stochastic approximation and recursive estimation},
  author={Nevel'son, Mikhail Borisovich and Khas' minskii, Rafail Zalmanovich},
  year={1973},
  publisher={American Mathematical Society Providence}
}

@article{anbar1978stochastic,
  title={A stochastic Newton-Raphson method},
  author={Anbar, Dan},
  journal={Journal of Statistical Planning and Inference},
  volume={2},
  number={2},
  pages={153--163},
  year={1978},
  publisher={Elsevier}
}

@article{smale1976convergent,
  title={A convergent process of price adjustment and global Newton methods},
  author={Smale, Steve},
  journal={Journal of Mathematical Economics},
  volume={3},
  number={2},
  pages={107--120},
  year={1976},
  publisher={Elsevier}
}
